<?xml version="1.0" encoding="UTF-8"?><collection xmlns="http://www.loc.gov/MARC21/slim"><record><leader>00517nam--2200193-i-4500</leader><controlfield tag="001">000021009</controlfield><controlfield tag="002">20161230</controlfield><controlfield tag="005">20170302100152</controlfield><controlfield tag="008">060222s1000------------r-----000-0-eng-d</controlfield><datafield ind1=" " ind2=" " tag="020"><subfield code="a">3540583726</subfield></datafield><datafield ind1=" " ind2=" " tag="040"><subfield code="a">IFIN-HH</subfield></datafield><datafield ind1=" " ind2=" " tag="080"><subfield code="a">535</subfield></datafield><datafield ind1="1" ind2=" " tag="100"><subfield code="a">Lauterborn, W</subfield></datafield><datafield ind1="1" ind2="0" tag="245"><subfield code="a">Coherent optics</subfield><subfield code="b">Fundamentals and applications</subfield><subfield code="c">W. Lauterborn; T. Kurz; M. Wiesenfeldt</subfield></datafield><datafield ind1=" " ind2=" " tag="260"><subfield code="a">Berlin</subfield><subfield code="b">Springer-Verlag</subfield><subfield code="c">1995</subfield></datafield><datafield ind1=" " ind2=" " tag="300"><subfield code="a">294 P</subfield></datafield><datafield ind1="1" ind2=" " tag="700"><subfield code="a">Wiesenfeldt, M</subfield></datafield><datafield ind1=" " ind2=" " tag="852"><subfield code="a">80316</subfield><subfield code="c">535</subfield></datafield><datafield ind1=" " ind2=" " tag="CAT"><subfield code="a">SYS</subfield><subfield code="c">20170302</subfield><subfield code="h">100152</subfield></datafield></record></collection>